[gd_scene load_steps=14 format=3 uid="uid://bj1l25ki4bdqf"]

[ext_resource type="Texture2D" uid="uid://bhsdhg37yvi1t" path="res://Assets/Treasure Hunters/Pirate Treasure/Sprites/Gold Coin/02.png" id="1_65xg7"]
[ext_resource type="Script" path="res://Assets/Coin.gd" id="1_bsqlt"]
[ext_resource type="Texture2D" uid="uid://dq5qynmht4t8b" path="res://Assets/Treasure Hunters/Pirate Treasure/Sprites/Gold Coin/01.png" id="2_s3g13"]
[ext_resource type="Texture2D" uid="uid://dcs710a6jeos2" path="res://Assets/Treasure Hunters/Pirate Treasure/Sprites/Gold Coin/03.png" id="3_w5hql"]
[ext_resource type="Texture2D" uid="uid://be3lxvrlcbqwh" path="res://Assets/Treasure Hunters/Pirate Treasure/Sprites/Gold Coin/04.png" id="4_0ov1v"]
[ext_resource type="Texture2D" uid="uid://cbbq2q4uw3gmp" path="res://Assets/Treasure Hunters/Pirate Treasure/Sprites/Coin Effect/01.png" id="5_ctxix"]
[ext_resource type="Texture2D" uid="uid://bdeqsghg0ro0y" path="res://Assets/Treasure Hunters/Pirate Treasure/Sprites/Coin Effect/02.png" id="6_15w51"]
[ext_resource type="Texture2D" uid="uid://bdlos4r417o" path="res://Assets/Treasure Hunters/Pirate Treasure/Sprites/Coin Effect/03.png" id="7_5avds"]

[sub_resource type="CircleShape2D" id="CircleShape2D_qrr6v"]
radius = 4.0

[sub_resource type="Animation" id="Animation_4lgn6"]
resource_name = "Idle"
length = 0.8
loop_mode = 2
tracks/0/type = "value"
tracks/0/imported = false
tracks/0/enabled = true
tracks/0/path = NodePath("Sprite2D:texture")
tracks/0/interp = 1
tracks/0/loop_wrap = true
tracks/0/keys = {
"times": PackedFloat32Array(0, 0.2, 0.4, 0.6, 0.8),
"transitions": PackedFloat32Array(1, 1, 1, 1, 1),
"update": 1,
"values": [ExtResource("2_s3g13"), ExtResource("1_65xg7"), ExtResource("3_w5hql"), ExtResource("4_0ov1v"), ExtResource("2_s3g13")]
}

[sub_resource type="Animation" id="Animation_3hxwm"]
resource_name = "Join"
length = 0.2
tracks/0/type = "value"
tracks/0/imported = false
tracks/0/enabled = true
tracks/0/path = NodePath("Sprite2D:texture")
tracks/0/interp = 1
tracks/0/loop_wrap = true
tracks/0/keys = {
"times": PackedFloat32Array(0, 0.1, 0.2),
"transitions": PackedFloat32Array(1, 1, 1),
"update": 1,
"values": [ExtResource("5_ctxix"), ExtResource("6_15w51"), ExtResource("7_5avds")]
}

[sub_resource type="Animation" id="Animation_ihb41"]
length = 0.001
tracks/0/type = "value"
tracks/0/imported = false
tracks/0/enabled = true
tracks/0/path = NodePath("Sprite2D:texture")
tracks/0/interp = 1
tracks/0/loop_wrap = true
tracks/0/keys = {
"times": PackedFloat32Array(0),
"transitions": PackedFloat32Array(1),
"update": 1,
"values": [ExtResource("1_65xg7")]
}

[sub_resource type="AnimationLibrary" id="AnimationLibrary_qpb28"]
_data = {
"Idle": SubResource("Animation_4lgn6"),
"Join": SubResource("Animation_3hxwm"),
"RESET": SubResource("Animation_ihb41")
}

[node name="Coin" type="Area2D"]
script = ExtResource("1_bsqlt")

[node name="Sprite2D" type="Sprite2D" parent="."]
texture = ExtResource("1_65xg7")

[node name="CollisionShape2D" type="CollisionShape2D" parent="."]
shape = SubResource("CircleShape2D_qrr6v")

[node name="AnimationPlayer" type="AnimationPlayer" parent="."]
libraries = {
"": SubResource("AnimationLibrary_qpb28")
}

[connection signal="body_entered" from="." to="." method="_on_body_entered"]
[connection signal="animation_finished" from="AnimationPlayer" to="." method="_on_animation_player_animation_finished"]
[connection signal="animation_started" from="AnimationPlayer" to="." method="_on_animation_player_animation_started"]
