[gd_scene load_steps=22 format=3 uid="uid://4nn7g04go1hx"]

[ext_resource type="Texture2D" uid="uid://cvt2rwr4mogda" path="res://Assets/Sprite Pack 5/9 - Wispy Fire/Idle_Flicker_(32 x 32).png" id="1_inpwk"]
[ext_resource type="Script" path="res://Assets/Sprite Pack 5/9 - Wispy Fire/Spirit.gd" id="1_sn7re"]
[ext_resource type="PackedScene" uid="uid://bli3psel2gpal" path="res://Assets/Sprite Pack 5/9 - Wispy Fire/Shoot.tscn" id="2_i0iyr"]

[sub_resource type="AtlasTexture" id="AtlasTexture_2q1p4"]
atlas = ExtResource("1_inpwk")
region = Rect2(0, 0, 32, 32)

[sub_resource type="AtlasTexture" id="AtlasTexture_0fo45"]
atlas = ExtResource("1_inpwk")
region = Rect2(32, 0, 32, 32)

[sub_resource type="AtlasTexture" id="AtlasTexture_goluv"]
atlas = ExtResource("1_inpwk")
region = Rect2(64, 0, 32, 32)

[sub_resource type="AtlasTexture" id="AtlasTexture_toxul"]
atlas = ExtResource("1_inpwk")
region = Rect2(96, 0, 32, 32)

[sub_resource type="AtlasTexture" id="AtlasTexture_a65ty"]
atlas = ExtResource("1_inpwk")
region = Rect2(128, 0, 32, 32)

[sub_resource type="AtlasTexture" id="AtlasTexture_g6wc1"]
atlas = ExtResource("1_inpwk")
region = Rect2(160, 0, 32, 32)

[sub_resource type="AtlasTexture" id="AtlasTexture_trdsg"]
atlas = ExtResource("1_inpwk")
region = Rect2(192, 0, 32, 32)

[sub_resource type="AtlasTexture" id="AtlasTexture_dindp"]
atlas = ExtResource("1_inpwk")
region = Rect2(224, 0, 32, 32)

[sub_resource type="AtlasTexture" id="AtlasTexture_gmd1f"]
atlas = ExtResource("1_inpwk")
region = Rect2(256, 0, 32, 32)

[sub_resource type="AtlasTexture" id="AtlasTexture_p7yxi"]
atlas = ExtResource("1_inpwk")
region = Rect2(288, 0, 32, 32)

[sub_resource type="AtlasTexture" id="AtlasTexture_ylkcv"]
atlas = ExtResource("1_inpwk")
region = Rect2(320, 0, 32, 32)

[sub_resource type="AtlasTexture" id="AtlasTexture_p20fc"]
atlas = ExtResource("1_inpwk")
region = Rect2(352, 0, 32, 32)

[sub_resource type="AtlasTexture" id="AtlasTexture_1eybe"]
atlas = ExtResource("1_inpwk")
region = Rect2(416, 0, 32, 32)

[sub_resource type="AtlasTexture" id="AtlasTexture_let6o"]
atlas = ExtResource("1_inpwk")
region = Rect2(384, 0, 32, 32)

[sub_resource type="AtlasTexture" id="AtlasTexture_g6xav"]
atlas = ExtResource("1_inpwk")
region = Rect2(448, 0, 32, 32)

[sub_resource type="AtlasTexture" id="AtlasTexture_d7ahd"]
atlas = ExtResource("1_inpwk")
region = Rect2(480, 0, 32, 32)

[sub_resource type="SpriteFrames" id="SpriteFrames_pyp1d"]
animations = [{
"frames": [{
"duration": 1.0,
"texture": SubResource("AtlasTexture_2q1p4")
}, {
"duration": 1.0,
"texture": SubResource("AtlasTexture_0fo45")
}, {
"duration": 1.0,
"texture": SubResource("AtlasTexture_goluv")
}, {
"duration": 1.0,
"texture": SubResource("AtlasTexture_toxul")
}, {
"duration": 1.0,
"texture": SubResource("AtlasTexture_a65ty")
}, {
"duration": 1.0,
"texture": SubResource("AtlasTexture_g6wc1")
}, {
"duration": 1.0,
"texture": SubResource("AtlasTexture_trdsg")
}, {
"duration": 1.0,
"texture": SubResource("AtlasTexture_dindp")
}, {
"duration": 1.0,
"texture": SubResource("AtlasTexture_gmd1f")
}, {
"duration": 1.0,
"texture": SubResource("AtlasTexture_p7yxi")
}, {
"duration": 1.0,
"texture": SubResource("AtlasTexture_ylkcv")
}, {
"duration": 1.0,
"texture": SubResource("AtlasTexture_p20fc")
}, {
"duration": 1.0,
"texture": SubResource("AtlasTexture_1eybe")
}, {
"duration": 1.0,
"texture": SubResource("AtlasTexture_let6o")
}, {
"duration": 1.0,
"texture": SubResource("AtlasTexture_g6xav")
}, {
"duration": 1.0,
"texture": SubResource("AtlasTexture_d7ahd")
}],
"loop": true,
"name": &"Idle",
"speed": 5.0
}]

[sub_resource type="CircleShape2D" id="CircleShape2D_aguc6"]
radius = 7.0

[node name="Spirit" type="Area2D"]
script = ExtResource("1_sn7re")
Shoot = ExtResource("2_i0iyr")

[node name="AnimatedSprite2D" type="AnimatedSprite2D" parent="."]
scale = Vector2(-1, 1)
sprite_frames = SubResource("SpriteFrames_pyp1d")
animation = &"Idle"
frame_progress = 0.634811

[node name="Collision" type="CollisionShape2D" parent="."]
position = Vector2(0, 6)
shape = SubResource("CircleShape2D_aguc6")

[node name="ShootSpawn" type="Marker2D" parent="."]
